<record><leader>00000cas a2200000 i 4500</leader><controlfield tag="001">832756148</controlfield><controlfield tag="006">m     o  d        </controlfield><controlfield tag="007">cr |||||||||||</controlfield><controlfield tag="008">130327d18921946pauwr ne      0   a0eng  </controlfield><datafield ind1=" " ind2=" " tag="010"><subfield code="a">  2013218674</subfield></datafield><datafield ind1=" " ind2=" " tag="040"><subfield code="a">DLC</subfield><subfield code="b">eng</subfield><subfield code="e">rda</subfield><subfield code="c">DLC</subfield><subfield code="d">DLC</subfield><subfield code="d">OCLCQ</subfield><subfield code="d">OCLCF</subfield></datafield><datafield ind1="0" ind2=" " tag="022"><subfield code="a">2327-6851</subfield><subfield code="2">1</subfield></datafield><datafield ind1=" " ind2=" " tag="042"><subfield code="a">pcc</subfield><subfield code="a">nsdp</subfield></datafield><datafield ind1=" " ind2=" " tag="043"><subfield code="a">n-us-pa</subfield></datafield><datafield ind1="1" ind2="0" tag="050"><subfield code="a">ISSN RECORD</subfield></datafield><datafield ind1="0" ind2="0" tag="082"><subfield code="a">071</subfield><subfield code="2">23</subfield></datafield><datafield ind1="0" ind2=" " tag="130"><subfield code="a">Star (Reynoldsville, Pa. : Online)</subfield></datafield><datafield ind1=" " ind2="4" tag="222"><subfield code="a">The star</subfield><subfield code="b">(Reynoldsville, Pa. Online)</subfield></datafield><datafield ind1="1" ind2="4" tag="245"><subfield code="a">The star.</subfield></datafield><datafield ind1=" " ind2="1" tag="264"><subfield code="a">Reynoldsville, Pa. :</subfield><subfield code="b">C.A. Stephenson,</subfield><subfield code="c">1892-1946.</subfield></datafield><datafield ind1=" " ind2=" " tag="310"><subfield code="a">Weekly</subfield></datafield><datafield ind1=" " ind2=" " tag="336"><subfield code="a">text</subfield><subfield code="b">txt</subfield><subfield code="2">rdacontent</subfield></datafield><datafield ind1=" " ind2=" " tag="337"><subfield code="a">computer</subfield><subfield code="b">c</subfield><subfield code="2">rdamedia</subfield></datafield><datafield ind1=" " ind2=" " tag="338"><subfield code="a">online resource</subfield><subfield code="b">cr</subfield><subfield code="2">rdacarrier</subfield></datafield><datafield ind1="0" ind2=" " tag="362"><subfield code="a">Vol. 1, no. 1 (May 11, 1892)- ; -54th year, no. 38 (Feb. 13, 1946).</subfield></datafield><datafield ind1=" " ind2=" " tag="530"><subfield code="a">Archived issues are available in digital format as part of the Library of Congress Chronicling America online collection.</subfield></datafield><datafield ind1=" " ind2=" " tag="588"><subfield code="a">Description based on print version record.</subfield></datafield><datafield ind1=" " ind2=" " tag="588"><subfield code="a">Latest issue consulted: V. 19, no. 34 (December 28, 1910) (Chroniclingamerica.loc.gov, viewed Mar. 27, 2013).</subfield></datafield><datafield ind1=" " ind2="0" tag="651"><subfield code="a">Reynoldsville (Pa.)</subfield><subfield code="v">Newspapers.</subfield></datafield><datafield ind1=" " ind2="7" tag="655"><subfield code="a">Newspapers.</subfield><subfield code="2">fast</subfield><subfield code="0">(OCoLC)fst01423814</subfield></datafield><datafield ind1=" " ind2="7" tag="651"><subfield code="a">Pennsylvania</subfield><subfield code="z">Reynoldsville.</subfield><subfield code="2">fast</subfield><subfield code="0">(OCoLC)fst01221993</subfield></datafield><datafield ind1=" " ind2=" " tag="752"><subfield code="a">United States</subfield><subfield code="b">Pennsylvania</subfield><subfield code="c">Jefferson</subfield><subfield code="d">Reynoldsville.</subfield></datafield><datafield ind1="1" ind2=" " tag="776"><subfield code="t">Star (Reynoldsville, Pa.)</subfield><subfield code="x">2327-6843</subfield><subfield code="w">(DLC)sn 87078321</subfield><subfield code="w">(OCoLC)16620273</subfield></datafield><datafield ind1="0" ind2="0" tag="785"><subfield code="t">Reynoldsville star (Online)</subfield></datafield><datafield ind1="4" ind2="1" tag="856"><subfield code="u">http://www.loc.gov/chroniclingamerica/lccn/sn87078321/issues</subfield></datafield></record>